@article{roylance2001,
    title={Finite Element Analysis},
    author={Roylance, David},
    journal={Department of Materials Science and Engineering--Massachusetts Institute of Technology, Cambridge MA},
    year={2001},
    url={http://ocw.mit.edu/courses/materials-science-and-engineering/3-11-mechanics-of-materials-fall-1999/modules/fea.pdf}
}


@article{litake2006,
    title={Analysis of Statically Indeterminate Structures by the Direct Stiffness Method},
    author={Litake, Ravi},
    publisher={Indian Institute of Technology Kharagpur},
    year={2006},
    url={http://www.facweb.iitkgp.ernet.in/~baidurya/CE21004/online_lecture_notes/m4l24.pdf}
}


@inbook{felippa2004ch2,
    title={The Direct Stiffness Method I},
    booktitle={Introduction to Finite Element Methods},
    author={Felippa, Carlos},
    chapter={2},
    publisher={Department of Aerospace Engineering Sciences, University of Colorado at Boulder},
    year={2004},
    url={http://www.colorado.edu/engineering/CAS/courses.d/IFEM.d/IFEM.Ch02.d/IFEM.Ch02.pdf}
}


@inbook{felippa2004ch3,
    title={The Direct Stiffness Method II},
    booktitle={Introduction to Finite Element Methods},
    author={Felippa, Carlos},
    chapter={3},
    publisher={Department of Aerospace Engineering Sciences, University of Colorado at Boulder},
    year={2004},
    url={http://www.colorado.edu/engineering/CAS/courses.d/IFEM.d/IFEM.Ch03.d/IFEM.Ch03.pdf}
}
